<record><leader>00000cas a22000007a 4500</leader><controlfield tag="001">46956460</controlfield><controlfield tag="008">010516d19371952sduwr ne      0    0eng d</controlfield><datafield ind1=" " ind2=" " tag="010"><subfield code="a">sn2001063126</subfield></datafield><datafield ind1=" " ind2=" " tag="040"><subfield code="a">SXN</subfield><subfield code="b">eng</subfield><subfield code="c">SXN</subfield><subfield code="d">OCLCF</subfield><subfield code="d">OCLCO</subfield></datafield><datafield ind1="1" ind2=" " tag="029"><subfield code="a">AU@</subfield><subfield code="b">000022715374</subfield></datafield><datafield ind1=" " ind2=" " tag="042"><subfield code="a">msc</subfield></datafield><datafield ind1=" " ind2=" " tag="043"><subfield code="a">n-us-sd</subfield></datafield><datafield ind1="0" ind2=" " tag="130"><subfield code="a">Chancellor news (Chancellor, S.D. : 1937)</subfield></datafield><datafield ind1="0" ind2="4" tag="245"><subfield code="a">The Chancellor news.</subfield></datafield><datafield ind1=" " ind2=" " tag="260"><subfield code="a">Chancellor, S.D. :</subfield><subfield code="b">H.C. Tucker,</subfield></datafield><datafield ind1=" " ind2=" " tag="300"><subfield code="a">v.</subfield></datafield><datafield ind1=" " ind2=" " tag="310"><subfield code="a">Weekly</subfield></datafield><datafield ind1="0" ind2=" " tag="362"><subfield code="a">Vol. 54, no. 48(Feb. 25, 1937)-v. 68, no. 26(Dec. 31, 1952).</subfield></datafield><datafield ind1=" " ind2=" " tag="530"><subfield code="a">Available on microfilm from: State Archives, South Dakota State Historical Society.</subfield></datafield><datafield ind1=" " ind2="0" tag="651"><subfield code="a">Chancellor (S.D.)</subfield><subfield code="v">Newspapers.</subfield></datafield><datafield ind1=" " ind2="0" tag="651"><subfield code="a">Turner County (S.D.)</subfield><subfield code="v">Newspapers.</subfield></datafield><datafield ind1=" " ind2="7" tag="655"><subfield code="a">Newspapers.</subfield><subfield code="2">fast</subfield><subfield code="0">(OCoLC)fst01423814</subfield></datafield><datafield ind1=" " ind2="7" tag="651"><subfield code="a">South Dakota</subfield><subfield code="z">Chancellor.</subfield><subfield code="2">fast</subfield><subfield code="0">(OCoLC)fst01886718</subfield></datafield><datafield ind1=" " ind2="7" tag="651"><subfield code="a">South Dakota</subfield><subfield code="z">Turner County.</subfield><subfield code="2">fast</subfield><subfield code="0">(OCoLC)fst01215593</subfield></datafield><datafield ind1=" " ind2=" " tag="752"><subfield code="a">United States</subfield><subfield code="b">South Dakota</subfield><subfield code="c">Turner</subfield><subfield code="d">Chancellor.</subfield></datafield><datafield ind1="0" ind2="0" tag="780"><subfield code="t">The Turner County tribune-news</subfield><subfield code="w">(DLC)sn 200163125</subfield></datafield><datafield ind1="0" ind2="0" tag="785"><subfield code="t">The Hurley leader</subfield><subfield code="w">(DLC)sn 200163127</subfield></datafield></record>